@article{Ammon2016,
  title={{On the efficient numerical solution of lattice systems with low-order couplings}},
  author={Ammon, Andreas and Genz, Alan and Hartung, Tobias and Jansen, Karl and Le{\"o}vey, Hernan and Volmer, Julia},
  journal={Computer Physics Communications},
  volume={198},
  pages={71--81},
  year={2016},
  publisher={Elsevier}
}

@article{Bietenholz1997,
  title={{Perfect lattice topology: the quantum rotor as a test case}},
  author={Bietenholz, Wolfgang and Brower, R and Chandrasekharan, S and Wiese, U-J},
  journal={Physics Letters B},
  volume={407},
  number={3-4},
  pages={283--289},
  year={1997},
  publisher={Elsevier}
}