@article{Creutz1981,
  title={{A statistical approach to quantum mechanics}},
  author={Creutz, M and Freedman, B},
  journal={Annals of Physics},
  volume={132},
  number={2},
  pages={427--462},
  year={1981},
  publisher={Elsevier}
}

@book{Feynman2010,
  title={{Quantum mechanics and path integrals}},
  author={Feynman, Richard P and Hibbs, Albert R and Styer, Daniel F},
  year={2010},
  publisher={Courier Corporation}
}

@article{Duane1987,
  title={{Hybrid monte carlo}},
  author={Duane, Simon and Kennedy, Anthony D and Pendleton, Brian J and Roweth, Duncan},
  journal={Physics letters B},
  volume={195},
  number={2},
  pages={216--222},
  year={1987},
  publisher={Elsevier}
}

@article{Giles2008,
  title={{Multilevel Monte Carlo path simulation}},
  author={Giles, Michael B},
  journal={Operations Research},
  volume={56},
  number={3},
  pages={607--617},
  year={2008},
  publisher={INFORMS}
}

@article{Giles2015,
  title={{Multilevel Monte Carlo Methods}},
  author={Giles, Michael B},
  journal={Acta Numerica},
  volume={24},
  pages={259--328},
  year={2015},
  publisher={Cambridge University Press}
}

@article{Heinrich2001,
  title={{Multilevel Monte Carlo Methods}},
  author={Heinrich, Stefan},
  journal={LSSC},
  volume={1},
  pages={58--67},
  year={2001},
  publisher={Springer}
}

@book{Peskin1995,
  title={{An Introduction to Quantum Field Theory}},
  author={Peskin, Michael Edward},
  year={1995},
  publisher={Westview press}
}

@article{Dodwell2015,
  title={{A hierarchical multilevel Markov chain Monte Carlo algorithm with applications to uncertainty quantification in subsurface flow}},
  author={Dodwell, Tim J and Ketelsen, Chris and Scheichl, Robert and Teckentrup, Aretha L},
  journal={SIAM/ASA Journal on Uncertainty Quantification},
  volume={3},
  number={1},
  pages={1075--1108},
  year={2015},
  publisher={SIAM}
}

@article{Kaplan1992,
  title={{A Method for simulating chiral fermions on the lattice}},
  author={Kaplan, David B},
  journal={Physics Letters B},
  volume={288},
  number={3-4},
  pages={342--347},
  year={1992},
  publisher={Elsevier}
}
@article{Davies2004,
  title={{High-precision lattice QCD confronts experiment}},
  author={Davies, Christine TH and Follana, E and Gray, A and Lepage, GP and Mason, Q and Nobes, M and Shigemitsu, J and Trottier, HD and Wingate, M and Aubin, C and others},
  journal={Physical Review Letters},
  volume={92},
  number={2},
  pages={022001},
  year={2004},
  publisher={APS}
}

@book{Rothe2005,
  title={{Lattice gauge theories: an introduction}},
  author={Rothe, Heinz J},
  year={2005},
  publisher={World Scientific}
}

@article{Hart2009,
  title={{Automated generation of lattice QCD Feynman rules}},
  author={Hart, A and von Hippel, Georg M and Horgan, RR and M{\"u}ller, EH},
  journal={Computer Physics Communications},
  volume={180},
  number={12},
  pages={2698--2716},
  year={2009},
  publisher={Elsevier}
}

@article{Edwards2005,
  title={The Chroma software system for lattice QCD},
  author={Edwards, Robert G and Joo, Balint and SciDAC and LHPC Collaboration and Ukqcd Collaboration and others},
  journal={Nuclear Physics B-Proceedings Supplements},
  volume={140},
  pages={832--834},
  year={2005},
  publisher={Elsevier}
}

@article{Schmidt1983,
  title={{Using renormalization-group ideas in Monte Carlo sampling}},
  author={Schmidt, KE},
  journal={Physical review letters},
  volume={51},
  number={24},
  pages={2175},
  year={1983},
  publisher={APS}
}

@article{Faas1986,
  title={{Hierarchical Monte Carlo simulation of the Ising model}},
  author={Faas, M and Hilhorst, HJ},
  journal={Physica A: Statistical Mechanics and its Applications},
  volume={135},
  number={2-3},
  pages={571--590},
  year={1986},
  publisher={Elsevier}
}